@string{AC      = {Acta Cryst.}}
@string{ACA     = {Acta Cryst.~A}}
@string{ACB     = {Acta Cryst.~B}}
@string{ACR     = {Acc. Chem. Res.}}
@string{ACP     = {Advan. Chem. Phys.}}
@string{ADP     = {Adv. Phys.}}
@string{AJSS    = {Astrophys. J. Supp. Ser.}}
@string{AIQC    = {Adv. Quant. Chem.}}
@string{AM      = {Adv. Mater.}}
@string{ANGEW   = {Angew. Chem.}}
@string{ARPC    = {Annu. Rev. Phys. Chem.}}
@string{AP      = {Ann. Phys. (Leipzig)}}
@string{APN     = {Ann. Phys. (N.Y.)}}
@string{AQC     = {Adv. Quantum Chem.}}
@string{BBG     = {Ber. Bunsen Ges. Phys. Chem.}}
@string{BCSJ    = {Bull. Chem. Soc. Jpn.}}
@string{CC      = {Chem. Comm.}}
@string{CEJ     = {Chem. Eur. J.}}
@string{CJC     = {Can. J. Chem.}}
@string{CJP     = {Can. J. Phys.}}
@string{CJS     = {Can. J. Spectrosc.}}
@string{CL      = {Chem. Lett.}}
@string{CMST    = {Comp.\ Meth.\ Sci.\ Tech.}}
@string{COSSMS  = {Curr. Opin. Solid State Mater Sci}}
@string{CP      = {Chem. Phys.}}
@string{CPC     = {Comp.\ Phys.\ Comm.}}
@string{CPAM    = {Commun. Pure Appl. Math.}}
@string{CPL     = {Chem. Phys. Lett.}}
@string{CR      = {Chem. Rev.}}
@string{DALTON  = {J. Chem. Soc., Dalton Trans.}}
@string{FARADAY = {J. Chem. Soc., Faraday Trans.}}
@string{FARDIS  = {Faraday Discuss. Chem. Soc.}}
@string{FD      = {Faraday Discuss.}}
@string{IC      = {Inorg.\ Chem.}}
@string{IJQC    = {Int. J. Quantum Chem.}}
@string{IJQCQCS = {Int. J. Quantum Chem., Quant. Chem. Symp.}}
@string{IJPC    = {Int. J. Phys. Chem.}}
@string{JACS    = {J. Am. Chem. Soc.}}
@string{JCAMD   = {J. Comp. Aided Mol. Des.}}
@string{JCC     = {J. Comp. Chem.}}
@string{JCICS   = {J. Chem. Inf. Comp. Sci.}}
@string{JCMP    = {J. Comp. Phys.}}
@string{JCP     = {J. Chem. Phys.}}
@string{JCS     = {J. Chem. Soc.}}
@string{JM      = {J. f. reine u. angew. Math.}}
@string{JMB     = {J. Mol. Biol.}}
@string{JMS     = {J. Mol. Struc.}}
@string{JMSP    = {J. Mol. Spectrosc.}}
@string{JMSTC   = {J. Mol. Struc. (Theochem)}}
@string{JPB     = {J. Phys. B: At. Mol. Opt. Phys.}}
@string{JPC     = {J. Phys. Chem.}}
@string{JPCA    = {J. Phys. Chem. A}}
@string{JPCB    = {J. Phys. Chem. B}}
@string{JPCRD   = {J. Phys. Chem. Ref. Data}}
@string{JPS     = {J. Pharm. Sci.}}
@string{JRS     = {J. Raman Spectr.}}
@string{JRNIST  = {J. Res. Natl. Inst. Stand. Technol.}}
@string{MCP     = {Methods Comput. Phys.}}
@string{NJR     = {Nist J. Res.}}
@string{MMPS    = {Mem. Manchester Phil. Soc.}}
@string{MP      = {Mol. Phys.}}
@string{NP      = {Nucl. Phys.}}
@string{NPA     = {Nucl. Phys. A}}
@string{NWS     = {Naturwissensch.}}
@string{OCZ     = {\"Osterr. Chem. Z.}}
@string{PAAC    = {Pure Appl. Chem.}}
@string{PCC     = {PhysChemComm}}
@string{PCCP    = {Phys. Chem. Chem. Phys.}}
@string{PCPS    = {Proc. Cambridge Phil. Soc.}}
@string{PERKIN  = {J. Chem. Soc. Perkin Trans.}}
@string{PR      = {Phys. Rev.}}
@string{PRL     = {Phys. Rev. Lett.}}
@string{PRA     = {Phys. Rev. A}}
@string{PRB     = {Phys. Rev. B}}
@string{PRS     = {Proc. Roy. Soc. (London)}}
@string{PS      = {Phys. Scripta}}
@string{PZ      = {Phys. Zeitschr.}}
@string{QCPE    = {QCPE Bulletin}}
@string{RJPC    = {Russ. J. Phys. Chem.}}
@string{RMP     = {Rev. Mod. Phys.}}
@string{SPC     = {Sov. Phys. Cryst.}}
@string{SCI     = {Science}}
@string{TETRA   = {Tetrahedron}}
@string{TCA     = {Theor. Chim. Acta}}
@string{TCAC    = {Theor. Chem. Acc.}}
@string{ZFN     = {Z. Naturforsch.}}
@string{ZP      = {Z. Phys.}}
@string{ZPHB    = {Z. Physikal. Chem. Abt. B}}
@string{ZPD     = {Z. Phys. D}}
@string{ZSK     = {Zh. Strukt. Khim.}}
