@BOOK{BEAZLEY:2009a,
      author={David M. Beazley},
      title={Python Essential Reference ($4^{th}$ Edition)},
      publisher={Addison-Wesley Professional},
      year={2009},
      pages={717},
}

@article{MUELLER:1979a,
         author={Klaus M\"uller and Leo D. Brown},
         title={{Location of Saddle Points and Minimum Energy Paths by a 
                Constrained Simplex Optimization Procedure}},
         journal=TCA,
         volume={\bf 53},
         number={1},
         pages={75--93},
         year={1979},
} 

@article{CERJAN:1979a,
   author="Cerjan, Charles J. and Miller, William H.",
   title={{On finding transition states}},
   journal = JCP,
   year="1981",
   volume={\bf 75},
   number="6", 
   pages={2800--2806},
   url="http://scitation.aip.org/content/aip/journal/jcp/75/6/10.1063/1.442352",
   doi="http://dx.doi.org/10.1063/1.442352" 
}

@article{BETHE:1931a,
         author={Bethe, Hans},
         title={{Zur Theorie der Metalle}},
         journal= ZP,
         volume={\bf 71},
         number={3--4},
         pages={205--206},
         year={1931}
}

@article{EWALD:1921a,
         author={P. P. Ewald},
         title={{3. Die Berechnung optischer und elektrostatischer Gitterpotentiale}},
         journal=AP,
         volume={\bf 64},
         pages={253--287},
         year=1921}

@article{DELEEUW:1980a,
         author={S. W. {de Leeuw} and J. W. Perram and E. R. Smith},
         title={{Simulation of Electrostatic Systems in Periodic Boundary Conditions. 
                 I. Lattice Sums and Dielectric Constants}},
         journal=PRS,
         volume={\bf 373},
         pages={27--56},
         year={1980}
}

@article{DELEEUW:1980b,
         author={S. W. {de Leeuw} and J. W. Perram and E. R. Smith},
         title={{Simulation of Electrostatic Systems in Periodic Boundary Conditions. 
                 II. Equivalence of Boundary Conditions}},
         journal=PRS,
         volume={\bf 373},
         pages={57--66},
         year={1980}
}

@article{DELEEUW:1983a,
         author={S. W. {de Leeuw} and J. W. Perram and E. R. Smith},
         title={{Simulation of Electrostatic Systems in Periodic Boundary Conditions. 
                 III. Further Theory and Applications}},
         journal=PRS,
         volume={\bf 388},
         pages={177--193},
         year={1983}
}

@article{DAVIDSON:1975a,
         author={E. R. Davidson},
         title={The iterative calculation of a few of the lowest eigenvalues 
                and corresponding eigenvectors of large real-symmetric matrices.}, 
         journal=JCMP,
         volume={\bf 17},
         pages={87--94},
         year=1975}

@book{CULLUM:2002a,
         author = {Jane K. Cullum and Ralph A. Willoughby},
         title = {{Lanczos Algorithms for Large Symmetric Eigenvalue Computations}},
         publisher = {{Society for Industrial and Applied Mathematics}},
         year = {2002},
         doi = {10.1137/1.9780898719192},
         address = {},
         edition   = {},
         URL = {http://epubs.siam.org/doi/abs/10.1137/1.9780898719192},
         eprint = {http://epubs.siam.org/doi/pdf/10.1137/1.9780898719192}
}

@article{ESSMANN:1995a,
   author = "Essmann, Ulrich and Perera, Lalith and Berkowitz, Max L. and 
             Darden, Tom and Lee, Hsing and Pedersen, Lee G.",
   title = {{A smooth particle mesh Ewald method}},
   journal = JCP,
   year = "1995",
   volume ={\bf 103},
   number = "19", 
   pages ={8577--8593},
   url = "http://scitation.aip.org/content/aip/journal/jcp/103/19/10.1063/1.470117",
   doi = "http://dx.doi.org/10.1063/1.470117" 
}


